
@misc{introducing_ESB,
	title = {Introducing the {ESB} - {Enterprise} {Service} {Bus} 4.8.1 - {WSO}2 {Documentation}},
	url = {https://docs.wso2.com/display/ESB481/Introducing+the+ESB},
	urldate = {2016-04-04},
	file = {Introducing the ESB - Enterprise Service Bus 4.8.1 - WSO2 Documentation:C\:\\Users\\Beatriz\\AppData\\Roaming\\Zotero\\Zotero\\Profiles\\wcu1dgdj.default\\zotero\\storage\\K8HSMQ3Z\\Introducing+the+ESB.html:text/html}
}

@misc{working_with_connecntors,
	title = {Working with {Connectors} - {Enterprise} {Service} {Bus} 4.8.0 - {WSO}2 {Documentation}},
	url = {https://docs.wso2.com/display/ESB480/Working+with+Connectors},
	urldate = {2016-04-05},
	file = {Working with Connectors - Enterprise Service Bus 4.8.0 - WSO2 Documentation:C\:\\Users\\Beatriz\\AppData\\Roaming\\Zotero\\Zotero\\Profiles\\wcu1dgdj.default\\zotero\\storage\\375MFCT6\\Working+with+Connectors.html:text/html}
}
\\

@misc{tutorial_ESB,
	title = {Tutorial - {Enterprise} {Service} {Bus} 4.6.0 - {WSO}2 {Documentation}},
	url = {https://docs.wso2.com/display/ESB460/Tutorial},
	urldate = {2016-04-06},
	file = {Tutorial - Enterprise Service Bus 4.6.0 - WSO2 Documentation:C\:\\Users\\Beatriz\\AppData\\Roaming\\Zotero\\Zotero\\Profiles\\wcu1dgdj.default\\zotero\\storage\\MGKRMQUF\\Tutorial.html:text/html}
}